<?xml version="1.0" encoding="UTF-8"?><collection xmlns="http://www.loc.gov/MARC21/slim"><record><leader>00451nam--2200169-i-4500</leader><controlfield tag="001">000029847</controlfield><controlfield tag="002">20161230</controlfield><controlfield tag="005">20161230201037</controlfield><controlfield tag="008">060222s1000------------r-----000-0-eng-d</controlfield><datafield ind1=" " ind2=" " tag="040"><subfield code="a">IFIN-HH</subfield></datafield><datafield ind1=" " ind2=" " tag="080"><subfield code="a">535.371.07</subfield></datafield><datafield ind1="1" ind2=" " tag="100"><subfield code="a">Lakowicz, Joseph R</subfield></datafield><datafield ind1="1" ind2="0" tag="245"><subfield code="a">Priciples of fluorescence spectroscopy</subfield><subfield code="c">Joseph r. lakowicz</subfield></datafield><datafield ind1=" " ind2=" " tag="260"><subfield code="a">New York</subfield><subfield code="b">Plenum Press</subfield><subfield code="c">1983</subfield></datafield><datafield ind1=" " ind2=" " tag="300"><subfield code="a">XIV + 496P</subfield></datafield><datafield ind1=" " ind2=" " tag="852"><subfield code="a">73926</subfield><subfield code="c">537:538</subfield></datafield><datafield ind1=" " ind2=" " tag="CAT"><subfield code="a">Sys</subfield><subfield code="c">20110628</subfield><subfield code="h">090945</subfield></datafield></record></collection>